@misc{ enwiki:1217344421,
    author = "{Wikipedia contributors}",
    title = "Pseudocode --- {Wikipedia}{,} The Free Encyclopedia",
    year = "2024",
    howpublished = "\url{https://en.wikipedia.org/w/index.php?title=Pseudocode&oldid=1217344421}",
    note = "[Online; accessed 22-April-2024]"
  }