@misc{t1,
  author = {BengkelMaFiA},
  title = {Dinamika Benda Partikel},
  year = {2017},
  note = {\url{https://youtube.com/playlist?list=PLucfG5zBkQBgUYUGQua7Phyqx93TO8yz2&si=dj0Dyqow9WsN0qrs}}
}