@misc{t1,
  author = {Brilliant.org},
  title = {Floor Function},
  note = {Diakses pada pukul 14:41 tanggal 5 April 2024 \url{https://brilliant.org/wiki/floor-function/}}
}
@misc{t2,
  author = {Brilliant.org},
  title = {Ceiling Function},
  note = {Diakses pada pukul 14:45 tanggal 5 April 2024 \url{https://brilliant.org/wiki/ceiling-function/}}
}